[gd_scene load_steps=9 format=2]

[ext_resource path="res://scripts/pengaturan.gd" type="Script" id=1]
[ext_resource path="res://assets/BG.png" type="Texture" id=2]
[ext_resource path="res://assets/level/back game.png" type="Texture" id=3]
[ext_resource path="res://assets/pengaturan/offb.png" type="Texture" id=4]
[ext_resource path="res://assets/pengaturan/Menu Pengaturan.png" type="Texture" id=5]
[ext_resource path="res://fonts/Chococooky.ttf" type="DynamicFontData" id=6]
[ext_resource path="res://assets/pengaturan/on.png" type="Texture" id=7]

[sub_resource type="DynamicFont" id=1]
size = 65
outline_size = 7
font_data = ExtResource( 6 )

[node name="pengaturan" type="Control"]
anchor_right = 1.0
anchor_bottom = 1.0
script = ExtResource( 1 )

[node name="Background" type="TextureRect" parent="."]
anchor_right = 1.0
anchor_bottom = 1.0
texture = ExtResource( 2 )
expand = true

[node name="back" type="Button" parent="."]
margin_left = 21.0
margin_top = 37.0
margin_right = 182.0
margin_bottom = 123.0
rect_scale = Vector2( 1.21608, 1.21608 )
shortcut_in_tooltip = false
icon = ExtResource( 3 )
flat = true
expand_icon = true

[node name="pengaturan_panel" type="TextureRect" parent="."]
anchor_left = 0.5
anchor_top = 0.5
anchor_right = 0.5
anchor_bottom = 0.5
margin_left = -317.5
margin_top = -377.0
margin_right = 317.5
margin_bottom = 377.0
texture = ExtResource( 5 )
expand = true

[node name="Music" type="Control" parent="pengaturan_panel"]
anchor_left = 0.057
anchor_top = 0.146
anchor_right = 0.057
anchor_bottom = 0.146
margin_left = -0.195
margin_top = -0.0839996
margin_right = 565.805
margin_bottom = 272.916

[node name="HBoxContainer" type="HBoxContainer" parent="pengaturan_panel/Music"]
margin_left = 135.5
margin_top = 129.0
margin_right = 579.5
margin_bottom = 325.0
rect_scale = Vector2( 0.675394, 0.675394 )
custom_constants/separation = 44
alignment = 1
__meta__ = {
"_edit_group_": true
}

[node name="music_on" type="Button" parent="pengaturan_panel/Music/HBoxContainer"]
margin_right = 200.0
margin_bottom = 196.0
rect_min_size = Vector2( 200, 0 )
toggle_mode = true
shortcut_in_tooltip = false
icon = ExtResource( 7 )
flat = true
expand_icon = true

[node name="music_off" type="Button" parent="pengaturan_panel/Music/HBoxContainer"]
margin_left = 244.0
margin_right = 444.0
margin_bottom = 196.0
rect_min_size = Vector2( 200, 0 )
shortcut_in_tooltip = false
icon = ExtResource( 4 )
flat = true
expand_icon = true

[node name="Label" type="Label" parent="pengaturan_panel/Music"]
margin_left = 103.5
margin_top = 37.0
margin_right = 479.5
margin_bottom = 114.0
custom_colors/font_color = Color( 1, 0.894118, 0.529412, 1 )
custom_colors/font_outline_modulate = Color( 0.627451, 0.27451, 0.137255, 1 )
custom_fonts/font = SubResource( 1 )
text = "Music"
align = 1
valign = 1

[node name="Effect Sound" type="Control" parent="pengaturan_panel"]
anchor_left = 0.057
anchor_top = 0.146
anchor_right = 0.057
anchor_bottom = 0.146
margin_left = -0.195
margin_top = 311.916
margin_right = 565.805
margin_bottom = 551.916

[node name="HBoxContainer" type="HBoxContainer" parent="pengaturan_panel/Effect Sound"]
margin_left = 135.5
margin_top = 101.0
margin_right = 579.5
margin_bottom = 297.0
rect_scale = Vector2( 0.675394, 0.675394 )
custom_constants/separation = 44
alignment = 1
__meta__ = {
"_edit_group_": true
}

[node name="sound_on" type="Button" parent="pengaturan_panel/Effect Sound/HBoxContainer"]
margin_right = 200.0
margin_bottom = 196.0
rect_min_size = Vector2( 200, 0 )
toggle_mode = true
shortcut_in_tooltip = false
icon = ExtResource( 7 )
flat = true
expand_icon = true

[node name="sound_off" type="Button" parent="pengaturan_panel/Effect Sound/HBoxContainer"]
margin_left = 244.0
margin_right = 444.0
margin_bottom = 196.0
rect_min_size = Vector2( 200, 0 )
shortcut_in_tooltip = false
icon = ExtResource( 4 )
flat = true
expand_icon = true

[node name="Label" type="Label" parent="pengaturan_panel/Effect Sound"]
margin_left = 103.5
margin_top = 15.0
margin_right = 479.5
margin_bottom = 92.0
custom_colors/font_color = Color( 1, 0.894118, 0.529412, 1 )
custom_colors/font_outline_modulate = Color( 0.627451, 0.27451, 0.137255, 1 )
custom_fonts/font = SubResource( 1 )
text = "Effect Sound"
align = 1
valign = 1

[connection signal="button_up" from="back" to="." method="_on_back_button_up"]
[connection signal="button_up" from="pengaturan_panel/Music/HBoxContainer/music_on" to="." method="_on_music_on_button_up"]
[connection signal="button_up" from="pengaturan_panel/Music/HBoxContainer/music_off" to="." method="_on_music_off_button_up"]
[connection signal="button_up" from="pengaturan_panel/Effect Sound/HBoxContainer/sound_on" to="." method="_on_sound_on_button_up"]
[connection signal="button_up" from="pengaturan_panel/Effect Sound/HBoxContainer/sound_off" to="." method="_on_sound_off_button_up"]
